% $Id$

@unpublished{SR01,
	author = {Wojciech Domski},
	title = {{Sterowniki robotów, Laboratorium -- Wprowadzenie, Wykorzystanie narzędzi STM32CubeMX oraz SW4STM32 do budowy programu mrugającej diody z obsługą przycisku}},
	OPTnote = {\url{http://edu.domski.pl}},
	month = Mar,
	year = 2017,
}

@unpublished{dok1,
    title = {{Opis Arduino Nano}},
    note = {\\ \url{https://botland.com.pl/pl/arduino-seria-nano-oryginalne-plytki/14760-arduino-nano-every-abx00028-7630049201477.html?search_query=arduino\%20nano&results=21}}
}

@unpublished{dok2,
    title = {{Dokumentacja ESP8266}},
    note = {\\ \url{https://nurdspace.nl/images/e/e0/ESP8266_Specifications_English.pdf}}
}

@unpublished{dok3,
    title = {{Dokumentacja czujnika ultradźwiękowego}},
    note = {\\ \url{https://botland.com.pl/index.php?controller=attachment&id_attachment=476}}
}

@unpublished{dok4,
    title = {{Opis czujnika odbiciowego}},
    note = {\\ \url{https://botland.com.pl/pl/czujniki-odbiciowe/52-czujnik-transoptor-odbiciowy-cny70.html?search_query=cny70&results=1}}
}

@unpublished{dok5,
    title = {{Dokumentacja sterownika silników}},
    note = {\\ \url{http://botland.com.pl/index.php?controller=attachment&id_attachment=32}}
}

@unpublished{dok6,
    title = {{Opis silników}},
    note = {\\ \url{https://botland.com.pl/pl/silniki-micro-n20-seria-mp-medium-power/12541-silnik-n20-bt01-micro-751-220rpm-6v.html}}
}

@book{ksiazka1,
    title = {{Arduino Robotics}},
    author = {Warren, J. and Adams, J. and Molle, H},
    publisher = {Apress},
    year = {2011}
}

@book{ksiazka2,
    title = {{Build a Line Follower Robot - A User-Friendly Guide}},
    author = { Chia Kim Seng and Kang Eng Siew and Eng Pei Chee and Hui Seng Keong},
    publisher = {Southern University College},
    year = {2014}
}

@article{gazetka,
    title  = {{Design and Fabrication of Line Follower Robot}},
    author = {Rahman, M. A. and Islam M. S. },
    journal = {Asian Journal of Applied Science and Engineering},
    year = {2013}

}


% Asian Journal of Applied Science and Engineering, Volume 2, No 2 (2013), Design and Fabrication ofLine Follower Robot, M. S. Islam M. A. Rahman

% Arduino Robotics; John-David Warren, Josh Adams, and Harald Molle; Apress (2011)

% Build a Line Follower Robot - A User-Friendly Guide; Chia Kim Seng, Kang Eng Siew, Eng Pei Chee,and Hui Seng Keong (2014)















